[gd_scene load_steps=5 format=2]

[ext_resource path="res://skriptoj/stiriloj_GUI.gd" type="Script" id=1]
[ext_resource path="res://UI/ikonoj/Neo.png" type="Texture" id=2]
[ext_resource path="res://UI/ikonoj/Demando.png" type="Texture" id=3]
[ext_resource path="res://UI/ikonoj/Jeso.png" type="Texture" id=4]

[node name="stiriloj" type="Control"]
margin_right = 162.0
margin_bottom = 152.0
rect_min_size = Vector2( 222, 220 )
script = ExtResource( 1 )

[node name="h" type="HBoxContainer" parent="."]
anchor_right = 1.0
anchor_bottom = 1.0
alignment = 1

[node name="Neo" type="TextureRect" parent="h"]
visible = false
modulate = Color( 1, 1, 1, 0.75 )
margin_left = 24.0
margin_right = 66.62
margin_bottom = 220.0
rect_min_size = Vector2( 42.62, 0 )
texture = ExtResource( 2 )
expand = true
stretch_mode = 6

[node name="c" type="CenterContainer" parent="h"]
margin_left = 47.0
margin_right = 87.0
margin_bottom = 220.0

[node name="maldekstre" type="ColorRect" parent="h/c"]
margin_top = 90.0
margin_right = 40.0
margin_bottom = 130.0
rect_min_size = Vector2( 40, 40 )
color = Color( 1, 1, 1, 0.0980392 )

[node name="v" type="VBoxContainer" parent="h"]
margin_left = 91.0
margin_right = 131.0
margin_bottom = 220.0
rect_min_size = Vector2( 40, 120 )
alignment = 1

[node name="Demando" type="TextureRect" parent="h/v"]
visible = false
modulate = Color( 1, 1, 1, 0.74902 )
margin_right = 42.62
margin_bottom = 42.0
rect_min_size = Vector2( 42.62, 42 )
texture = ExtResource( 3 )
expand = true
stretch_mode = 6

[node name="antaue" type="ColorRect" parent="h/v"]
margin_top = 46.0
margin_right = 40.0
margin_bottom = 86.0
rect_min_size = Vector2( 40, 40 )
color = Color( 1, 1, 1, 0.0980392 )

[node name="spaco" type="ColorRect" parent="h/v"]
margin_top = 90.0
margin_right = 40.0
margin_bottom = 130.0
rect_min_size = Vector2( 40, 40 )
color = Color( 1, 1, 1, 0.0980392 )

[node name="malantaue" type="ColorRect" parent="h/v"]
margin_top = 134.0
margin_right = 40.0
margin_bottom = 174.0
rect_min_size = Vector2( 40, 40 )
color = Color( 1, 1, 1, 0.0980392 )

[node name="Demando2" type="TextureRect" parent="h/v"]
visible = false
modulate = Color( 1, 1, 1, 0.74902 )
margin_top = 155.0
margin_right = 42.62
margin_bottom = 197.0
rect_min_size = Vector2( 42.62, 42 )
texture = ExtResource( 3 )
expand = true
stretch_mode = 6

[node name="c2" type="CenterContainer" parent="h"]
editor/display_folded = true
margin_left = 135.0
margin_right = 175.0
margin_bottom = 220.0

[node name="dekstre" type="ColorRect" parent="h/c2"]
margin_top = 90.0
margin_right = 40.0
margin_bottom = 130.0
rect_min_size = Vector2( 40, 40 )
size_flags_horizontal = 3
size_flags_vertical = 3
color = Color( 1, 1, 1, 0.0980392 )

[node name="Jeso" type="TextureRect" parent="h"]
visible = false
modulate = Color( 1, 1, 1, 0.74902 )
margin_left = 156.0
margin_right = 198.62
margin_bottom = 220.0
rect_min_size = Vector2( 42.62, 0 )
texture = ExtResource( 4 )
expand = true
stretch_mode = 6
